@inproceedings{Caspersen:2006:NPO:1176617.1176741,
 author = {Caspersen, Michael E. and K\"{o}lling, Michael},
 title = {A novice's process of object-oriented programming},
 booktitle = {Companion to the 21st ACM SIGPLAN symposium on Object-oriented programming systems, languages, and applications},
 series = {OOPSLA '06},
 year = {2006},
 isbn = {1-59593-491-X},
 location = {Portland, Oregon, USA},
 pages = {892--900},
 numpages = {9},
 url = {http://doi.acm.org/10.1145/1176617.1176741},
 doi = {10.1145/1176617.1176741},
 acmid = {1176741},
 publisher = {ACM},
 address = {New York, NY, USA},
 keywords = {CS1, UML, design by contract, incremental development, objects-first, pedagogy, programming education, programming process, refactoring, representation invariant, stepwise refinement, systematic programming, testing, top-down design},
}

@article{Gries:1974:WTI:953057.810447,
 author = {Gries, David},
 title = {What should we teach in an introductory programming course?},
 journal = {SIGCSE Bull.},
 issue_date = {February 1974},
 volume = {6},
 number = {1},
 month = jan,
 year = {1974},
 issn = {0097-8418},
 pages = {81--89},
 numpages = {9},
 url = {http://doi.acm.org/10.1145/953057.810447},
 doi = {10.1145/953057.810447},
 acmid = {810447},
 publisher = {ACM},
 address = {New York, NY, USA},
}

@inproceedings{Vihavainen:2011:EAM:1953163.1953196,
 author = {Vihavainen, Arto and Paksula, Matti and Luukkainen, Matti},
 title = {Extreme apprenticeship method in teaching programming for beginners},
 booktitle = {Proceedings of the 42nd ACM technical symposium on Computer science education},
 series = {SIGCSE '11},
 year = {2011},
 isbn = {978-1-4503-0500-6},
 location = {Dallas, TX, USA},
 pages = {93--98},
 numpages = {6},
 url = {http://doi.acm.org/10.1145/1953163.1953196},
 doi = {10.1145/1953163.1953196},
 acmid = {1953196},
 publisher = {ACM},
 address = {New York, NY, USA},
 keywords = {best practices, cognitive apprenticeship, continuous feedback, course material, instructional design, learning by doing, motivation, programming education},
}
